@misc{2209.03042,
  author = {Rasmus F. Ørsøe},
  title  = {Graph Neural Networks for Low-Energy Event Classification \& Reconstruction in IceCube},
  year   = {2022},
  eprint = {arXiv:2209.03042}
}
@misc{graphnet,
  title        = {GraphNeT},
  publisher    = {GitHub},
  journal      = {GitHub repository},
  howpublished = {\url{https://github.com/graphnet-team/graphnet}}
}
@misc{pisa,
  title        = {Pisa},
  publisher    = {GitHub},
  journal      = {GitHub repository},
  howpublished = {\url{https://github.com/icecube/pisa}}
}
@misc{retro,
  title        = {Retro},
  publisher    = {GitHub},
  journal      = {GitHub repository},
  howpublished = {\url{https://github.com/icecube/retro}}
}
@misc{wiki:Standard_Model,
  author       = {Wikipedia},
  title        = {Standard Model of Elementary Particles},
  year         = {2022},
  howpublished = {\url{https://en.wikipedia.org/wiki/File:Standard_Model_of_Elementary_Particles.svg}}
}
@misc{wiki:Overfitting,
  author       = {Wikipedia},
  title        = {Overfitting},
  year         = {2022},
  howpublished = {\url{https://en.wikipedia.org/wiki/Overfitting/media/File:Overfitting.svg}}
}
@misc{coordinates-icecube,
  author       = {IceCube},
  title        = {IceCube Documentation Website},
  year         = {2022},
  howpublished = {\url{https://docs.icecube.aq/icetray/main/projects/dataclasses/coordinates.html}}
}
@misc{icecube,
  author       = {IceCube},
  title        = {IceCube Detector},
  year         = {2022},
  howpublished = {\url{https://icecube.wisc.edu/science/icecube/}}
}
@article{STROKACH2020402,
  title    = {Fast and Flexible Protein Design Using Deep Graph Neural Networks},
  journal  = {Cell Systems},
  volume   = {11},
  number   = {4},
  pages    = {402-411.e4},
  year     = {2020},
  issn     = {2405-4712},
  doi      = {https://doi.org/10.1016/j.cels.2020.08.016},
  url      = {https://www.sciencedirect.com/science/article/pii/S2405471220303276},
  author   = {Alexey Strokach and David Becerra and Carles Corbi-Verge and Albert Perez-Riba and Philip M. Kim},
  keywords = {deep learning, graph neural networks, constraint satisfaction problem, protein optimization, protein design, inverse protein folding},
  abstract = {Summary
              Protein structure and function is determined by the arrangement of the linear sequence of amino acids in 3D space. We show that a deep graph neural network, ProteinSolver, can precisely design sequences that fold into a predetermined shape by phrasing this challenge as a constraint satisfaction problem (CSP), akin to Sudoku puzzles. We trained ProteinSolver on over 70,000,000 real protein sequences corresponding to over 80,000 structures. We show that our method rapidly designs new protein sequences and benchmark them in silico using energy-based scores, molecular dynamics, and structure prediction methods. As a proof-of-principle validation, we use ProteinSolver to generate sequences that match the structure of serum albumin, then synthesize the top-scoring design and validate it in vitro using circular dichroism. ProteinSolver is freely available at http://design.proteinsolver.org and https://gitlab.com/ostrokach/proteinsolver. A record of this paper’s transparent peer review process is included in the Supplemental Information.}
}
@misc{nbi-neutrino,
  author       = {Niels Bohr Institut},
  title        = {Neutrino oscillation},
  year         = {2022},
  howpublished = {\url{https://nbi.ku.dk/english/research/experimental-particle-physics/icecube/neutrino-oscillation/}}
}
@misc{warwick,
  author       = {The University of Warwick},
  title        = {Neutrino Oscillations},
  year         = {2020},
  howpublished = {\url{https://warwick.ac.uk/fac/sci/physics/staff/academic/boyd/stuff/neutrinolectures/lec_oscillations.pdf}}
}
@misc{facebook,
  author = {Facebook AI},
  title  = {Revisiting Graph Neural Networks for Link Prediction},
  year   = {2021}
}
@misc{rasmus-master,
  author = {Rasmus F. Ørsøe},
  title  = {A Graph Neural Network Approach to Low Energy Event Reconstruction in IceCube Neutrino Observatory},
  year   = {2022}
}
@article{scipy,
  author  = {Virtanen, Pauli and Gommers, Ralf and Oliphant, Travis E. and
             Haberland, Matt and Reddy, Tyler and Cournapeau, David and
             Burovski, Evgeni and Peterson, Pearu and Weckesser, Warren and
             Bright, Jonathan and {van der Walt}, St{\'e}fan J. and
             Brett, Matthew and Wilson, Joshua and Millman, K. Jarrod and
             Mayorov, Nikolay and Nelson, Andrew R. J. and Jones, Eric and
             Kern, Robert and Larson, Eric and Carey, C J and
             Polat, {\.I}lhan and Feng, Yu and Moore, Eric W. and
             {VanderPlas}, Jake and Laxalde, Denis and Perktold, Josef and
             Cimrman, Robert and Henriksen, Ian and Quintero, E. A. and
             Harris, Charles R. and Archibald, Anne M. and
             Ribeiro, Ant{\^o}nio H. and Pedregosa, Fabian and
             {van Mulbregt}, Paul and {SciPy 1.0 Contributors}},
  title   = {{{SciPy} 1.0: Fundamental Algorithms for Scientific
             Computing in Python}},
  journal = {Nature Methods},
  year    = {2020},
  volume  = {17},
  pages   = {261--272},
  adsurl  = {https://rdcu.be/b08Wh},
  doi     = {10.1038/s41592-019-0686-2}
}
@incollection{torch,
  title     = {PyTorch: An Imperative Style, High-Performance Deep Learning Library},
  author    = {Paszke, Adam and Gross, Sam and Massa, Francisco and Lerer, Adam and Bradbury, James and Chanan, Gregory and Killeen, Trevor and Lin, Zeming and Gimelshein, Natalia and Antiga, Luca and Desmaison, Alban and Kopf, Andreas and Yang, Edward and DeVito, Zachary and Raison, Martin and Tejani, Alykhan and Chilamkurthy, Sasank and Steiner, Benoit and Fang, Lu and Bai, Junjie and Chintala, Soumith},
  booktitle = {Advances in Neural Information Processing Systems 32},
  editor    = {H. Wallach and H. Larochelle and A. Beygelzimer and F. d\textquotesingle Alch\'{e}-Buc and E. Fox and R. Garnett},
  pages     = {8024--8035},
  year      = {2019},
  publisher = {Curran Associates, Inc.},
  url       = {http://papers.neurips.cc/paper/9015-pytorch-an-imperative-style-high-performance-deep-learning-library.pdf}
}
@software{torch-geometric,
  author  = {Fey, Matthias and Lenssen, Jan Eric},
  license = {MIT},
  month   = {5},
  title   = {{Fast Graph Representation Learning with PyTorch Geometric}},
  url     = {https://github.com/pyg-team/pytorch_geometric},
  year    = {2019}
}
@article{1301.5361,
  author       = { IceCube Collaboration and M. G. Aartsen and R. Abbasi and Y. Abdou and M. Ackermann and J. Adams and J. A. Aguilar and M. Ahlers and D. Altmann and J. Auffenberg and X. Bai and M. Baker and S. W. Barwick and V. Baum and R. Bay and J. J. Beatty and S. Bechet and J. Becker Tjus and K. -H. Becker and M. Bell and M. L. Benabderrahmane and S. BenZvi and J. Berdermann and P. Berghaus and D. Berley and E. Bernardini and A. Bernhard and D. Bertrand and D. Z. Besson and G. Binder and D. Bindig and M. Bissok and E. Blaufuss and J. Blumenthal and D. J. Boersma and S. Bohaichuk and C. Bohm and D. Bose and S. Böser and O. Botner and L. Brayeur and A. M. Brown and R. Bruijn and J. Brunner and S. Buitink and M. Carson and J. Casey and M. Casier and D. Chirkin and B. Christy and K. Clark and F. Clevermann and S. Cohen and D. F. Cowen and A. H. Cruz Silva and M. Danninger and J. Daughhetee and J. C. Davis and C. De Clercq and S. De Ridder and P. Desiati and M. de With and T. DeYoung and J. C. Díaz-Vélez and M. Dunkman and R. Eagan and B. Eberhardt and J. Eisch and R. W. Ellsworth and S. Euler and P. A. Evenson and O. Fadiran and A. R. Fazely and A. Fedynitch and J. Feintzeig and T. Feusels and K. Filimonov and C. Finley and T. Fischer-Wasels and S. Flis and A. Franckowiak and R. Franke and K. Frantzen and T. Fuchs and T. K. Gaisser and J. Gallagher and L. Gerhardt and L. Gladstone and T. Glüsenkamp and A. Goldschmidt and G. Golup and J. A. Goodman and D. Góra and D. Grant and A. Groß and M. Gurtner and C. Ha and A. Haj Ismail and A. Hallgren and F. Halzen and K. Hanson and D. Heereman and P. Heimann and D. Heinen and K. Helbing and R. Hellauer and S. Hickford and G. C. Hill and K. D. Hoffman and R. Hoffmann and A. Homeier and K. Hoshina and W. Huelsnitz and P. O. Hulth and K. Hultqvist and S. Hussain and A. Ishihara and E. Jacobi and J. Jacobsen and G. S. Japaridze and K. Jero and O. Jlelati and B. Kaminsky and A. Kappes and T. Karg and A. Karle and J. L. Kelley and J. Kiryluk and F. Kislat and J. Kläs and S. R. Klein and J. -H. Köhne and G. Kohnen and H. Kolanoski and L. Köpke and C. Kopper and S. Kopper and D. J. Koskinen and M. Kowalski and M. Krasberg and G. Kroll and J. Kunnen and N. Kurahashi and T. Kuwabara and M. Labare and H. Landsman and M. J. Larson and M. Lesiak-Bzdak and J. Leute and J. Lünemann and J. Madsen and R. Maruyama and K. Mase and H. S. Matis and F. McNally and K. Meagher and M. Merck and P. Mészáros and T. Meures and S. Miarecki and E. Middell and N. Milke and J. Miller and L. Mohrmann and T. Montaruli and R. Morse and R. Nahnhauer and U. Naumann and H. Niederhausen and S. C. Nowicki and D. R. Nygren and A. Obertacke and S. Odrowski and A. Olivas and M. Olivo and A. O'Murchadha and L. Paul and J. A. Pepper and C. Pérez de los Heros and C. Pfendner and D. Pieloth and N. Pirk and J. Posselt and P. B. Price and G. T. Przybylski and L. Rädel and K. Rawlins and P. Redl and E. Resconi and W. Rhode and M. Ribordy and M. Richman and B. Riedel and J. P. Rodrigues and C. Rott and T. Ruhe and B. Ruzybayev and D. Ryckbosch and S. M. Saba and T. Salameh and H. -G. Sander and M. Santander and S. Sarkar and K. Schatto and M. Scheel and F. Scheriau and T. Schmidt and M. Schmitz and S. Schoenen and S. Schöneberg and L. Schönherr and A. Schönwald and A. Schukraft and L. Schulte and O. Schulz and D. Seckel and S. H. Seo and Y. Sestayo and S. Seunarine and C. Sheremata and M. W. E. Smith and M. Soiron and D. Soldin and G. M. Spiczak and C. Spiering and M. Stamatikos and T. Stanev and A. Stasik and T. Stezelberger and R. G. Stokstad and A. Stößl and E. A. Strahler and R. Ström and G. W. Sullivan and H. Taavola and I. Taboada and A. Tamburro and S. Ter-Antonyan and S. Tilav and P. A. Toale and S. Toscano and M. Usner and D. van der Drift and N. van Eijndhoven and A. Van Overloop and J. van Santen and M. Vehring and M. Voge and M. Vraeghe and C. Walck and T. Waldenmaier and M. Wallraff and R. Wasserman and Ch. Weaver and M. Wellons and C. Wendt and S. Westerhoff and N. Whitehorn and K. Wiebe and C. H. Wiebusch and D. R. Williams and H. Wissing and M. Wolf and T. R. Wood and C. Xu and D. L. Xu and X. W. Xu and J. P. Yanez and G. Yodh and S. Yoshida and P. Zarzhitsky and J. Ziemann and S. Zierke and A. Zilles and M. Zoll},
  title        = {Measurement of South Pole ice transparency with the IceCube LED calibration system},
  year         = {2013},
  eprint       = {arXiv:1301.5361},
  howpublished = {NIM A711:73,2013},
  doi          = {10.1016/j.nima.2013.01.054}
}
@misc{1801.07829,
  author = {Yue Wang and Yongbin Sun and Ziwei Liu and Sanjay E. Sarma and Michael M. Bronstein and Justin M. Solomon},
  title  = {Dynamic Graph CNN for Learning on Point Clouds},
  year   = {2018},
  eprint = {arXiv:1801.07829}
}
@misc{left,
  author = {Jonas Vinther and Johann Bock Severin and Jakob Hallundbæk and Schauser Christian Kragh Jespersen},
  title  = {Optimizing Reconstruction and Error Estimation of IceCube Events Using Graph Neural Networks},
  year   = {2021}
}
@misc{icemodel,
  author = {M. Ackermann, et al.},
  title  = {Optical properties of deep glacial ice at the south pole},
  year   = {2006}
}
@article{scikit-learn,
  title   = {Scikit-learn: Machine Learning in {P}ython},
  author  = {Pedregosa, F. and Varoquaux, G. and Gramfort, A. and Michel, V.
             and Thirion, B. and Grisel, O. and Blondel, M. and Prettenhofer, P.
             and Weiss, R. and Dubourg, V. and Vanderplas, J. and Passos, A. and
             Cournapeau, D. and Brucher, M. and Perrot, M. and Duchesnay, E.},
  journal = {Journal of Machine Learning Research},
  volume  = {12},
  pages   = {2825--2830},
  year    = {2011}
}
